 @article{howarddeath,
  title={The Death of Common Sense: How Law Is Suffocating America},
  author={Howard, Philip K}
}

@article{barker2009older,
  title={Older adolescents' motivations for social network site use: The influence of gender, group identity, and collective self-esteem},
  author={Barker, Valerie},
  journal={Cyberpsychology \& behavior},
  volume={12},
  number={2},
  pages={209--213},
  year={2009},
  publisher={Mary Ann Liebert, Inc. 140 Huguenot Street, 3rd Floor New Rochelle, NY 10801~â€¦}
}

@book{shelley2012frankenstein,
  title={frankenstein},
  author={Shelley, Mary},
  year={2012},
  publisher={Broadview Press}
}


@article{ferrara2016rise,
  title={The rise of social bots},
  author={Ferrara, Emilio and Varol, Onur and Davis, Clayton and Menczer, Filippo and Flammini, Alessandro},
  journal={Communications of the ACM},
  volume={59},
  number={7},
  pages={96--104},
  year={2016},
  publisher={ACM}
}

@article{maslow1943theory,
  title={A theory of human motivation.},
  author={Maslow, Abraham Harold},
  journal={Psychological review},
  volume={50},
  number={4},
  pages={370},
  year={1943},
  publisher={American Psychological Association}
}

@article{bostrom2014ethics,
  title={The ethics of artificial intelligence},
  author={Bostrom, Nick and Yudkowsky, Eliezer},
  journal={The Cambridge handbook of artificial intelligence},
  volume={316},
  pages={334},
  year={2014},
  publisher={Cambridge University Press Cambridge}
}

@article{kohlberg1971stages,
  title={Stages of moral development},
  author={Kohlberg, Lawrence},
  journal={Moral education},
  volume={1},
  number={51},
  pages={23--92},
  year={1971},
  publisher={Toronto: University of Toronto Press}
}

@incollection{wang2007logic,
  title={The logic of intelligence},
  author={Wang, Pei},
  booktitle={Artificial general intelligence},
  pages={31--62},
  year={2007},
  publisher={Springer}
}


@book{knowles2006oxford,
  title={The Oxford dictionary of phrase and fable},
  author={Knowles, Elizabeth},
  year={2006},
  publisher={OUP Oxford}
}

@article{bradshaw2017troops,
  title={Troops, trolls and troublemakers: A global inventory of organized social media manipulation},
  author={Bradshaw, Samantha and Howard, Philip},
  year={2017},
  publisher={Oxford Internet Institute}
}

@article{wegner2003computation,
  title={Computation beyond Turing machines},
  author={Wegner, Peter and Goldin, Dina},
  journal={Communications of the ACM},
  volume={46},
  number={4},
  pages={100--102},
  year={2003},
  publisher={Citeseer}
}

@article{kamm2007towards,
  title={Towards the essence of nonconsequentialist constraints on harming},
  author={Kamm, Francis M},
  journal={Intricate Ethics: Rights, Responsibilities and Permissible Harm. Oxford University Press, Oxford},
  pages={130--189},
  year={2007}
}

@article{morikawa2017afraid,
  title={Who are afraid of losing their jobs to artificial intelligence and robots? Evidence from a survey},
  author={Morikawa, Masayuki},
  year={2017}
}

@article{david2017computer,
  title={Computer technology and probable job destructions in Japan: An evaluation},
  author={David, Benjamin},
  journal={Journal of the Japanese and International Economies},
  volume={43},
  pages={77--87},
  year={2017},
  publisher={Elsevier}
}

@inproceedings{reed2016universal,
  title={Universal Basic Income: An idea whose time has come?},
  author={Reed, Howard and Lansley, Stewart}
}